@book {Rud03,
author = { Rudolph, Joachim AND Winkler, Jan AND Woittennek, Frank },
title = { Flatness based control of distributed parameter systems : examples and computer exercises from various technological domains},
publisher = {Shaker,},
keywords = { Technisches System , Komplexes System , System mit verteilten Parametern , Folgeregelung , Bahnplanung , Reglerentwurf },
year = {2003},
booktitle = {Berichte aus der Steuerungs- und Regelungstechnik},
address = { Aachen : },
}

@book {KnollPython21,
author = {Knoll, Carsten AND Heedt, Robert},
title = {Python für Ingenieure für Dummies: Mit vielen Programmbeispielen zu Numpy, Matplotlib und mehr},
publisher = {Wiley-VCH},
year = {2021},
address = {Weinheim},
}

@techreport{Tut1,
  author      = {Winkler, Jan AND Pritzkoleit, Max},
  institution = {Institute of Control Theory, Faculty of Electrical and Computer Engineering, Technische Universität Dresden, Germany},
  title       = {Python for simulation, animation and control Part 1: Introductory tutorial for the simulation of dynamic systems -- Demonstration using the model of a kinematic vehicle},
  year        = {2021},
  url = {https://github.com/TUD-RST/pytutorials/tree/master/01-System-Simulation-ODE}
}