@book {KnollPython21,
author = {Knoll, Carsten AND Heedt, Robert},
title = {Python für Ingenieure für Dummies: Mit vielen Programmbeispielen zu Numpy, Matplotlib und mehr},
publisher = {Wiley-VCH},
year = {2021},
address = {Weinheim},
}